<?xml version="1.0" encoding="UTF-8"?><collection xmlns="http://www.loc.gov/MARC21/slim"><record><leader>00542nam--2200193-i-4500</leader><controlfield tag="001">000012982</controlfield><controlfield tag="002">20161230</controlfield><controlfield tag="005">20161230201030</controlfield><controlfield tag="008">060222s1000------------r-----000-0-eng-d</controlfield><datafield ind1=" " ind2=" " tag="020"><subfield code="a">0471997196</subfield></datafield><datafield ind1=" " ind2=" " tag="040"><subfield code="a">IFIN-HH</subfield></datafield><datafield ind1=" " ind2=" " tag="080"><subfield code="a">531.715.1:535.33</subfield></datafield><datafield ind1="1" ind2=" " tag="100"><subfield code="a">Chamberlain, John</subfield></datafield><datafield ind1="1" ind2="0" tag="245"><subfield code="a">The principles of interferometric spectroscopy</subfield><subfield code="c">John chamberlain</subfield></datafield><datafield ind1=" " ind2=" " tag="260"><subfield code="a">TORONTO</subfield><subfield code="b">John Wiley And Sons</subfield><subfield code="c">1979</subfield></datafield><datafield ind1=" " ind2=" " tag="300"><subfield code="a">XII + 347 P</subfield></datafield><datafield ind1=" " ind2="0" tag="650"><subfield code="a">Fourier Transform Spectroscopy</subfield></datafield><datafield ind1=" " ind2=" " tag="852"><subfield code="a">46919</subfield><subfield code="c">535.33</subfield></datafield><datafield ind1=" " ind2=" " tag="CAT"><subfield code="a">Sys</subfield><subfield code="c">20101214</subfield><subfield code="h">152518</subfield></datafield></record></collection>